

@inproceedings{glicksberg2018automated,
  title={Automated disease cohort selection using word embeddings from electronic health records},
  author={Glicksberg, Benjamin S and Miotto, Riccardo and Johnson, Kipp W and Shameer, Khader and Li, Li and Chen, Rong and Dudley, Joel T},
  booktitle={PACIFIC SYMPOSIUM ON BIOCOMPUTING 2018: Proceedings of the Pacific Symposium},
  pages={145--156},
  year={2018},
  organization={World Scientific}
}

@article{rajkomar2018scalable,
  title={Scalable and accurate deep learning with electronic health records},
  author={Rajkomar, Alvin and Oren, Eyal and Chen, Kai and Dai, Andrew M and Hajaj, Nissan and Hardt, Michaela and Liu, Peter J and Liu, Xiaobing and Marcus, Jake and Sun, Mimi and others},
  journal={NPJ Digital Medicine},
  volume={1},
  number={1},
  pages={1--10},
  year={2018},
  publisher={Nature Publishing Group}
}

@inproceedings{vaswani2017attention,
  title={Attention is all you need},
  author={Vaswani, Ashish and Shazeer, Noam and Parmar, Niki and Uszkoreit, Jakob and Jones, Llion and Gomez, Aidan N and Kaiser, {\L}ukasz and Polosukhin, Illia},
  booktitle={Advances in neural information processing systems},
  pages={5998--6008},
  year={2017}
}

@inproceedings{mikolov2013distributed,
  title={Distributed representations of words and phrases and their compositionality},
  author={Mikolov, Tomas and Sutskever, Ilya and Chen, Kai and Corrado, Greg S and Dean, Jeff},
  booktitle={Advances in neural information processing systems},
  pages={3111--3119},
  year={2013}
}

@inproceedings{pennington2014glove,
  title={Glove: Global vectors for word representation},
  author={Pennington, Jeffrey and Socher, Richard and Manning, Christopher D},
  booktitle={Proceedings of the 2014 conference on empirical methods in natural language processing (EMNLP)},
  pages={1532--1543},
  year={2014}
}

@article{peters2018deep,
  title={Deep contextualized word representations},
  author={Peters, Matthew E and Neumann, Mark and Iyyer, Mohit and Gardner, Matt and Clark, Christopher and Lee, Kenton and Zettlemoyer, Luke},
  journal={arXiv preprint arXiv:1802.05365},
  year={2018}
}

@article{devlin2018bert,
  title={Bert: Pre-training of deep bidirectional transformers for language understanding},
  author={Devlin, Jacob and Chang, Ming-Wei and Lee, Kenton and Toutanova, Kristina},
  journal={arXiv preprint arXiv:1810.04805},
  year={2018}
}

@article{tibshirani1996regression,
  title={Regression shrinkage and selection via the lasso},
  author={Tibshirani, Robert},
  journal={Journal of the Royal Statistical Society: Series B (Methodological)},
  volume={58},
  number={1},
  pages={267--288},
  year={1996},
  publisher={Wiley Online Library}
}

@article{alsentzer2019publicly,
  title={Publicly available clinical BERT embeddings},
  author={Alsentzer, Emily and Murphy, John R and Boag, Willie and Weng, Wei-Hung and Jin, Di and Naumann, Tristan and McDermott, Matthew},
  journal={arXiv preprint arXiv:1904.03323},
  year={2019}
}

@article{Wolf2019HuggingFacesTS,
  title={HuggingFace's Transformers: State-of-the-art Natural Language Processing},
  author={Thomas Wolf and Lysandre Debut and Victor Sanh and Julien Chaumond and Clement Delangue and Anthony Moi and Pierric Cistac and Tim Rault and RÃ©mi Louf and Morgan Funtowicz and Joe Davison and Sam Shleifer and Patrick von Platen and Clara Ma and Yacine Jernite and Julien Plu and Canwen Xu and Teven Le Scao and Sylvain Gugger and Mariama Drame and Quentin Lhoest and Alexander M. Rush},
  journal={ArXiv},
  year={2019},
  volume={abs/1910.03771}
}

@misc{simple2020thilina,
  author = {Thilina Rajapakse},
  title = {Simple Transformers},
  year = 2020,
  url = {https://simpletransformers.ai/},
  urldate = {2020}
}

@inproceedings{akiba2019optuna,
  title={Optuna: A next-generation hyperparameter optimization framework},
  author={Akiba, Takuya and Sano, Shotaro and Yanase, Toshihiko and Ohta, Takeru and Koyama, Masanori},
  booktitle={Proceedings of the 25th ACM SIGKDD international conference on knowledge discovery \& data mining},
  pages={2623--2631},
  year={2019}
}
